@inproceedings{DBLP:conf/focs/HopcroftPV75,
  author    = {Flemming Nielson and Hanne Riis Nelson},
  title     = {{Type and Effect Systems}},
  journal   = {Commun. {ACM}},
  pages     = {114--136},
  year      = {1999},
  doi       = {10.1145/361604.361612},
  timestamp = {Tue, 07 Jun 2011 16:50:57 +0200},
  biburl    = {http://dblp.uni-trier.de/rec/bib/journals/cacm/Knuth74},
  bibsource = {dblp computer science bibliography, http://dblp.org}
}