%% This BibTeX bibliography file was created using BibDesk.
%% http://bibdesk.sourceforge.net/


%% Created for Cyrus Omar at 2013-12-12 06:52:47 -0500 


%% Saved with string encoding Unicode (UTF-8) 

@inproceedings{van2007context,
  title={Context-aware scanning for parsing extensible languages},
  author={Van Wyk, Eric R and Schwerdfeger, August C},
  booktitle={Generative programming and component engineering},
  Xpages={63--72},
  year={2007},
  Xorganization={ACM}
}

@inproceedings{Schwerdfeger:2009:VCD:1542476.1542499,
	Acmid = {1542499},
	XAddress = {New York, NY, USA},
	Author = {Schwerdfeger, August C. and Van Wyk, Eric R.},
	Booktitle = {Programming Language Design and Implementation},
	Date-Added = {2013-12-12 11:51:49 +0000},
	Date-Modified = {2013-12-12 11:51:49 +0000},
	Doi = {10.1145/1542476.1542499},
	Isbn = {978-1-60558-392-1},
	Keywords = {context-aware scanning, extensible languages, grammar composition, language composition, lr parsing},
	Location = {Dublin, Ireland},
	Numpages = {12},
	XPages = {199--210},
	XPublisher = {ACM},
	XSeries = {PLDI '09},
	Title = {Verifiable Composition of Deterministic Grammars},
	Url = {http://doi.acm.org/10.1145/1542476.1542499},
	Year = {2009},
	Bdsk-Url-1 = {http://doi.acm.org/10.1145/1542476.1542499},
	Bdsk-Url-2 = {http://dx.doi.org/10.1145/1542476.1542499}}

@inproceedings{omar2012active,
	Author = {Omar, Cyrus and Yoon, YoungSeok and LaToza, Thomas D and Myers, Brad A},
	Booktitle = {International Conference on Software Engineering},
	Title = {Active code completion},
	Year = {2012}}

@inproceedings{bravenboer2005generalizedDUP,
	Author = {Bravenboer, Martin and Vermaas, Rob and Vinju, Jurgen and Visser, Eelco},
	Booktitle = {Generative Programming and Component Engineering},
	Title = {Generalized type-based disambiguation of meta programs with concrete object syntax},
	Year = {2005}}

@inproceedings{DBLP:conf/scam/ClarkSW08,
  Author =	 {Tony Clark and Paul Sammut and James S. Willans},
  Bibsource =	 {DBLP, http://dblp.uni-trier.de},
  Booktitle =	 {Source Code Analysis and Manipulation},
  Ee =		 {http://dx.doi.org/10.1109/SCAM.2008.34},
  Title =	 {Beyond Annotations: A Proposal for Extensible {Java}
                  ({XJ})},
  Xpublisher =	 {IEEE},
  Xpages={229--238},
  Year =	 {2008}
}

@inproceedings{krahn2008monticore,
	Author = {Krahn, Holger and Rumpe, Bernhard and V{\"o}lkel, Steven},
	Booktitle = {Objects, Components, Models and Patterns},
	Title = {Monticore: Modular development of textual domain specific languages},
	Year = {2008}}

@phdthesis{van1992pregmatic,
	Author = {van den Brand, Marinus Gerhardus Josephus},
	School = {Katholieke Universiteit Nijmegen},
	Title = {Pregmatic: A Generator for Incremental Programming Environments},
	Year = {1992}}

@inproceedings{rule2013principled,
	Author = {Adams, Michael D},
	Booktitle = {Principles of Programming Languages},
	Title = {Principled Parsing for Indentation-Sensitive Languages},
	Year = {2013}}

@book{jones2003haskell,
	Author = {Jones, Simon L Peyton},
	Publisher = {Cambridge University Press},
	Title = {Haskell 98 language and libraries: the revised report},
	Year = {2003}}

@book{fowler2010domain,
	Author = {Fowler, M. and Parsons, R.},
	Date-Added = {2013-06-03 04:35:30 +0000},
	Date-Modified = {2013-06-03 04:35:30 +0000},
	Publisher = {Addison-Wesley},
	Title = {Domain-Specific Languages},
	Year = {2010}}

@inproceedings{lee:2012:marco,
	Author = {Byeongcheol Lee and Robert Grimm and Martin Hirzel and Kathryn S. McKinley},
	Booktitle = {European Conference on Object-Oriented Programming},
	XPages = {356--382},
	XPublisher = {Springer},
	Title = {Marco: Safe, Expressive Macros for Any Language},
	XVolume = {LNCS 7313},
	Year = 2012}

@inproceedings{Tatsubori00openjava:a,
	Author = {Michiaki Tatsubori and Shigeru Chiba and M.-O. Killijian and Kozo Itano},
	Booktitle = {Reflection and Software Engineering},
	Title = {{OpenJava: A Class-based Macro System for Java}},
	Year = {2000}}

@misc{srfi-49,
	Author = {Egil M\"{o}ller},
	Howpublished = {\url{http://srfi.schemers.org/srfi-49/srfi-49.html}},
	Title = {{SRFI-49: Indentation-sensitive syntax}},
	Year = {2005}}

@misc{p4p-proposal,
	Author = {Shriram Krishnamurthi},
	Howpublished = {\url{http://shriram.github.com/p4p/}},
	Title = {{P4P: A Syntax Proposal}},
	Year = {2010}}

@misc{sweet-expr,
	Author = {David A. Wheeler},
	Howpublished = {\url{http://readable.sourceforge.net}},
	Title = {{Readable Lisp S-expressions}},
	Year = {2012}}

@misc{f-expr,
	Author = {Manuel Simoni},
	Howpublished = {\url{http://axisofeval.blogspot.com/2011/07/meaning-of-forms.html}},
	Journal = {The Axis of Eval},
	Number = {July 31},
	Title = {{The meaning of forms in Lisp and Kernel}},
	Type = {Blog},
	Year = {2011}}

@misc{camlp4,
  Author =	 {Daniel de Rauglaudre},
  Howpublished = {\url{http://caml.inria.fr/pub/docs/manual-camlp4/}},
  Institution =	 {{Institut National de Recherche en Informatique et
                  Automatique}},
  Title =	 {{Camlp4 - Reference Manual}},
  Year =	 {2003}
}

@phdthesis{fexprthesis,
	Author = {John N. Shutt},
	Month = {August},
	School = {{Worcester Polytechnic Institute}},
	Title = {{Fexprs as the basis of Lisp function application or \$vau: the ultimate abstraction}},
	Year = {2010}}

@inbook{shellchapter,
	Author = {Brian W. Kernighan and Rob Pike},
	Booktitle = {The UNIX Programming Environment},
	Chapter = {{3. Using the Shell}},
	Publisher = {Prentice Hall},
	Title = {The UNIX Programming Environment},
	Year = 1984}

@manual{coldfusion,
	Howpublished = {\url{http://livedocs.adobe.com/coldfusion/8/htmldocs/help.html?content=Part_3_CFML_Ref_1.html}},
	Organization = {{Adobe Systems Inc.}},
	Title = {{ColdFusion Developer's Guide}}}

@book{sinatra,
  Address =	 {California},
  Author =	 {Alan Harris and Konstantin Haase},
  Edition =	 {1st},
  Month =	 {November},
  Publisher =	 {O'Reilly Media},
  Title =	 {{Sinatra: Up and Running}},
  Year =	 2011
}

%Proceedings of the ACM International Symposium on New Ideas, New Paradigms, and Reflections on Programming and Software
%Loh:2012:MDM:2384592.2384609
% series = {Onward! '12},
% address = {New York, NY, USA},
@inproceedings{enso,
 author = {Loh, Alex and van der Storm, Tijs and Cook, William R.},
 title = {Managed Data: Modular Strategies for Data Abstraction},
 booktitle = {Onward!},
 year = {2012},
 isbn = {978-1-4503-1562-3},
 location = {Tucson, Arizona, USA},
 Xpages = {179--194},
 numpages = {16},
 url = {http://doi.acm.org/10.1145/2384592.2384609},
 doi = {10.1145/2384592.2384609},
 acmid = {2384609},
 Xpublisher = {ACM},
 keywords = {composition, interpretation, schema},
} 

@misc{ensoOLD,
	Author = {William R. Cook and Alex Loh and Tijs van der Storm},
	Howpublished = {\url{http://enso-lang.org/}},
	Title = {{Ens\={o}: A self-describing DSL workbench}}}

@inproceedings{KatsVisser2010,
	Author = {Lennart C. L. Kats and Eelco Visser},
	Booktitle = {Object-Oriented Programming Systems, Languages, and Applications},
	Doi = {http://dx.doi.org/10.1145/1869459.1869497},
	Researchr = {http://researchr.org/publication/KatsVisser2010},
	Title = {The {Spoofax} Language Workbench: Rules for Declarative Specification of Languages and {IDEs}},
	Year = {2010},
	Bdsk-Url-1 = {http://dx.doi.org/10.1145/1869459.1869497}}

@misc{mps,
	Howpublished = {\url{http://www.jetbrains.com/mps/}},
	Author = {JetBrains},
	Title = {{JetBrains MPS -- Meta Programming System}}}

@misc{idw,
	Howpublished = {\url{http://www.intentsoft.com/intentional-technology/}},
	Organization = {Intentional Software Corp.},
	Title = {{Intentional Domain Workbench}}}

@inproceedings{Palmer:2011:BJM:2048066.2048137,
	Acmid = {2048137},
	Author = {Palmer, Zachary and Smith, Scott F.},
	Booktitle = {Object-Oriented Programming Systems, Languages, and Applications},
	Doi = {10.1145/2048066.2048137},
	Isbn = {978-1-4503-0940-0},
	Keywords = {Java, design patterns, difference-based metaprogramming, macros, metaprogramming, software merging},
	Location = {Portland, Oregon, USA},
	Numpages = {20},
	Title = {{Backstage Java: Making a Difference in Metaprogramming}},
	Url = {http://doi.acm.org/10.1145/2048066.2048137},
	Year = {2011},
	Bdsk-Url-1 = {http://doi.acm.org/10.1145/2048066.2048137},
	Bdsk-Url-2 = {http://dx.doi.org/10.1145/2048066.2048137}}

@inproceedings{Erdweg:2011:SLL:2048147.2048199,
	Acmid = {2048199},
	Author = {Erdweg, Sebastian and Rendel, Tillmann and K\"{a}stner, Christian and Ostermann, Klaus},
	Booktitle = {Object-Oriented Programming Systems, Languages, and Applications},
	Doi = {10.1145/2048147.2048199},
	Isbn = {978-1-4503-0942-4},
	Keywords = {dsl embedding, language extensibility, language workbench, library},
	Location = {Portland, Oregon, USA},
	Numpages = {2},
	Xpublisher={ACM},
	Xpages={391--406},
	Title = {{SugarJ}: library-based language extensibility},
	Url = {http://doi.acm.org/10.1145/2048147.2048199},
	Year = {2011},
	Bdsk-Url-1 = {http://doi.acm.org/10.1145/2048147.2048199},
	Bdsk-Url-2 = {http://dx.doi.org/10.1145/2048147.2048199}}

@misc{mslinq,
	Howpublished = {\url{http://msdn.microsoft.com/en-us/library/vstudio/bb397926.aspx}},
	Organization = {MicroSoft},
	Title = {{LINQ (Language-Integrated Query)}}}

@book{smalltalk,
	Author = {Goldberg, Adele and Robson, David},
	Isbn = {0-201-11371-6},
	Publisher = {Addison-Wesley},
	Title = {Smalltalk-80: the language and its implementation},
	Year = {1983}}

%	Address = {New York, NY, USA},
%	Series = {GPCE '13},
@inproceedings{Erdweg:2013:FEL:2517208.2517210,
	Acmid = {2517210},
	Author = {Erdweg, Sebastian and Rieger, Felix},
	Booktitle = {Generative Programming: Concepts \& Experiences},
	Doi = {10.1145/2517208.2517210},
	Isbn = {978-1-4503-2373-4},
	Keywords = {compiler framework, macros, module system, sugarj, syntactic extensibility},
	Location = {Indianapolis, Indiana, USA},
	Numpages = {10},
	XPages = {3--12},
	XPublisher = {ACM},
	Title = {A Framework for Extensible Languages},
	Url = {http://doi.acm.org/10.1145/2517208.2517210},
	Year = {2013},
	Bdsk-Url-1 = {http://doi.acm.org/10.1145/2517208.2517210},
	Bdsk-Url-2 = {http://dx.doi.org/10.1145/2517208.2517210}}

@inproceedings{Tratt:2005:CMD:1146841.1146846,
	Acmid = {1146846},
	Address = {New York, NY, USA},
	Author = {Tratt, Laurence},
	Booktitle = {Proceedings of the 2005 Symposium on Dynamic Languages},
	Doi = {10.1145/1146841.1146846},
	Location = {San Diego, California},
	Numpages = {15},
	Pages = {49--63},
	Publisher = {ACM},
	Series = {DLS '05},
	Title = {Compile-time Meta-programming in a Dynamically Typed OO Language},
	Url = {http://doi.acm.org/10.1145/1146841.1146846},
	Year = {2005},
	Bdsk-Url-1 = {http://doi.acm.org/10.1145/1146841.1146846},
	Bdsk-Url-2 = {http://dx.doi.org/10.1145/1146841.1146846}}

@inproceedings{Diekmann:2013,
  Author =	 {Diekmann, Lukas and Tratt, Laurence},
  Booktitle =	 {Workshop on Scalable Language Specification},
  Location =	 {Indianapolis, Indiana},
  Title =	 {Parsing Composed Grammars with Language Boxes},
  Year =	 {2013}
}

@inproceedings{Bravenboer:2007:PIA:1289971.1289975,
	Acmid = {1289975},
	Address = {New York, NY, USA},
	Author = {Bravenboer, Martin and Dolstra, Eelco and Visser, Eelco},
	Booktitle = {Proceedings of the 6th International Conference on Generative Programming and Component Engineering},
	Doi = {10.1145/1289971.1289975},
	Isbn = {978-1-59593-855-8},
	Keywords = {injection attacks, stringborg, syntax embedding},
	Location = {Salzburg, Austria},
	Numpages = {10},
	Pages = {3--12},
	Publisher = {ACM},
	Series = {GPCE '07},
	Title = {Preventing Injection Attacks with Syntax Embeddings},
	Url = {http://doi.acm.org/10.1145/1289971.1289975},
	Year = {2007},
	Bdsk-Url-1 = {http://doi.acm.org/10.1145/1289971.1289975},
	Bdsk-Url-2 = {http://dx.doi.org/10.1145/1289971.1289975}}

@inproceedings{Adams:2013:PPI:2429069.2429129DUP,
	Acmid = {2429129},
	Address = {New York, NY, USA},
	Author = {Adams, Michael D.},
	Booktitle = {Proceedings of the 40th Annual ACM SIGPLAN-SIGACT Symposium on Principles of Programming Languages},
	Doi = {10.1145/2429069.2429129},
	Isbn = {978-1-4503-1832-7},
	Keywords = {indentation, offside rule, parsing},
	Location = {Rome, Italy},
	Numpages = {12},
	Pages = {511--522},
	Publisher = {ACM},
	Series = {POPL '13},
	Title = {Principled Parsing for Indentation-sensitive Languages: Revisiting Landin's Offside Rule},
	Url = {http://doi.acm.org/10.1145/2429069.2429129},
	Year = {2013},
	Bdsk-Url-1 = {http://doi.acm.org/10.1145/2429069.2429129},
	Bdsk-Url-2 = {http://dx.doi.org/10.1145/2429069.2429129}}

@inproceedings{Lovas08abidirectionalDUP,
	Author = {William Lovas and Frank Pfenning},
	Booktitle = {Electronic Notes in Theoretical Computer Science, 196:113--128, January 2008. [NPP07] [Pfe92] [Pfe93] [Pfe01] Aleksandar Nanevski, Frank Pfenning, and Brigitte},
	Title = {A bidirectional refinement type system for LF},
	Year = {2008}}

@misc{Csharp,
	Howpublished = {\url{http://msdn.microsoft.com/en-us/library/bb397951.aspx}},
	Author = {{M}icrosoft {C}orporation},
	Title = {{Expression Trees (C\# and Visual Basic)}}}

@inproceedings{DBLP:conf/esop/HermanW08,
	Author = {David Herman and Mitchell Wand},
	Bibsource = {DBLP, http://dblp.uni-trier.de},
	Booktitle = {ESOP},
	Crossref = {DBLP:conf/esop/2008},
	Ee = {http://dx.doi.org/10.1007/978-3-540-78739-6_4},
	Pages = {48-62},
	Title = {A Theory of Hygienic Macros},
	Year = {2008}}

%	Crossref = {DBLP:conf/sle/2012},
@inproceedings{DBLP:conf/sle/KrishnanW12,
	Author = {Lijesh Krishnan and Van Wyk, Eric},
	Bibsource = {DBLP, http://dblp.uni-trier.de},
	Booktitle = {Software Language Engineering},
	Ee = {http://dx.doi.org/10.1007/978-3-642-36089-3_4},
	XPages = {44-63},
	Title = {Termination Analysis for Higher-Order Attribute Grammars},
	Year = {2012}}

@incollection{safecompositionvanwyk,
	Author = {Schwerdfeger, August and Van Wyk, Eric},
	Booktitle = {Software Language Engineering},
	Doi = {10.1007/978-3-642-12107-4_15},
	Editor = {Brand, Mark and Ga{\v s}evi{\'c}, Dragan and Gray, Jeff},
	Isbn = {978-3-642-12106-7},
	Pages = {184-203},
	Publisher = {Springer Berlin Heidelberg},
	Series = {Lecture Notes in Computer Science},
	Title = {Verifiable Parse Table Composition for Deterministic Parsing},
	Url = {http://dx.doi.org/10.1007/978-3-642-12107-4_15},
	Volume = {5969},
	Year = {2010},
	Bdsk-Url-1 = {http://dx.doi.org/10.1007/978-3-642-12107-4_15}}
