% address = {New York, NY, USA},
@article{Karakoidas:2014:DLU:2602518.2565878,
 author = {Karakoidas, Vassilios},
 title = {On Domain-specific Languages Usage (Why {DSLs} Really Matter)},
 journal = {Crossroads},
 issue_date = {Spring 2014},
 volume = {20},
 number = {3},
 month = mar,
 year = {2014},
 issn = {1528-4972},
 pages = {16--17},
 numpages = {2},
 url = {http://doi.acm.org/10.1145/2565878},
 doi = {10.1145/2565878},
 acmid = {2565878},
 publisher = {ACM}
} 

@book{Stoy:1977:DSS:540155,
 author = {Stoy, Joseph E.},
 title = {Denotational Semantics: The Scott-Strachey Approach to Programming Language Theory},
 year = {1977},
 isbn = {0262191474},
 publisher = {MIT Press},
 address = {Cambridge, MA, USA},
}

@inproceedings{Ichikawa:2014:CUO:2584469.2577092,
 author = {Ichikawa, Kazuhiro and Chiba, Shigeru},
 title = {Composable User-defined Operators That Can Express User-defined Literals},
 booktitle = {Modularity},
 Xseries = {MODULARITY '14},
 year = {2014},
 isbn = {978-1-4503-2772-5},
 location = {Lugano, Switzerland},
 Xpages = {13--24},
 numpages = {12},
 url = {http://doi.acm.org/10.1145/2577080.2577092},
 doi = {10.1145/2577080.2577092},
 acmid = {2577092},
 Xpublisher = {ACM},
 Xaddress = {New York, NY, USA},
 keywords = {parsing, syntax extensions, user-defined operators},
}

@article{Tratt:2008:DSL:1391956.1391958,
 author = {Tratt, Laurence},
 title = {Domain Specific Language Implementation via Compile-time Meta-programming},
 journal = {ACM Trans. Program. Lang. Syst.},
 issue_date = {October 2008},
 volume = {30},
 number = {6},
 month = oct,
 year = {2008},
 issn = {0164-0925},
 Xpages = {1--40},
 articleno = {31},
 numpages = {40},
 url = {http://doi.acm.org/10.1145/1391956.1391958},
 doi = {10.1145/1391956.1391958},
 acmid = {1391958},
 publisher = {ACM},
 address = {New York, NY, USA},
 keywords = {Syntax extension, compile-time meta-programming, domain specific languages},
} 
