%% This BibTeX bibliography file was created using BibDesk.
%% http://www.cs.ucsd.edu/~mmccrack/bibdesk.html


%% Created for neil at 2003-03-27 13:20:36 +1200 

@book{tapl,
   Year = {2002},
   Title = {Types and Programming Languages},
   Address = {Cambridge, MA, USA},
   Publisher = {The MIT Press},
   Author = {Pierce, Benjamin C.}
}

@book{bnf,
   Year = {1986},
   Title = {Compilers: Principles, Techniques, and Tools},
   Address = {Reading, MA, USA},
   Publisher = {Addison-Wesley},
   Author = {Aho, Alfred V. and Sethi, Ravi and Ullman, Jeffrey D.}
}

@article{saltzer74,
 author = {Saltzer, Jerome H.},
 title = {{Protection and the Control of Information Sharing in Multics}},
 journal = {Communications of the ACM},
 issue_date = {1974},
 volume = {17},
 number = {7},
 year = {1974},
 pages = {388--402},
 numpages = {15},
 acmid = {361067},
 publisher = {ACM},
 address = {New York, NY, USA}
} 

@inproceedings{nielson99,
  author    = {Flemming Nielson and Hanne Riis Nelson},
  title     = {{Type and Effect Systems}},
  journal   = {Commun. {ACM}},
  pages     = {114--136},
  year      = {1999},
  doi       = {10.1145/361604.361612},
  timestamp = {Tue, 07 Jun 2011 16:50:57 +0200},
  biburl    = {http://dblp.uni-trier.de/rec/bib/journals/cacm/Knuth74},
  bibsource = {dblp computer science bibliography, http://dblp.org}
}

@phdthesis{miller06,
 author = {Mark S. Miller},
 school = {Johns Hopkins University},
 title = {Robust Composition: Towards a Unified Approach to Access Control and Concurrency Control},
 year = {2006}
}

@techreport{miller03,
    author = {Mark Miller and Ka-Ping Yee and Jonathan Shapiro},
    title = {Capability Myths Demolished},
    institution = {},
    year = {2003}
}

